% Encoding: windows-1252

@Misc{bib:Meister2013,
  author    = {Meister, Stephan and Nair, Rahul and Kondermann, Daniel},
  title     = {Simulation of Time-of-Flight Sensors using Global Illumination},
  year      = {2013},
  doi       = {10.2312/pe.vmv.vmv13.033-040},
  journal   = {Vision},
  keywords  = {I.3.3 [Computer Graphics], Picture/Image Generation},
  language  = {eng},
  pages     = {Modeling \& Visualization-},
  publisher = {The Eurographics Association},
}

@InProceedings{bib:Keller2007,
  author    = {Maik Keller and Jens Orthmann and Andreas Kolb and Valerij Peters},
  title     = {A Simulation Framework for Time-Of-Flight Sensors},
  booktitle = {2007 International Symposium on Signals, Circuits and Systems},
  year      = {2007},
  month     = jul,
  publisher = {{IEEE}},
  doi       = {10.1109/isscs.2007.4292667},
}

@PhdThesis{bib:Keller2015,
  author = {Maik Keller},
  title  = {Real-time Simulation of Time-of-Flight Sensors and Accumulation of Range Camera Data},
  school = {University of Siegen},
  year   = {2015},
}

@InProceedings{bib:Hertzberg2014,
  author    = {Christoph Hertzberg and Udo Frese},
  title     = {Detailed Modeling and Calibration of a Time-of-Flight Camera},
  booktitle = {Proceedings of the 11th International Conference on Informatics in Control, Automation and Robotics},
  year      = {2014},
  publisher = {{SCITEPRESS} - Science and and Technology Publications},
  doi       = {10.5220/0005067205680579},
}

@InProceedings{bib:Meister2012PhotonMB,
  author = {Stephan Meister},
  title  = {Photon Mapping based Simulation of MultiPath Reflection Artifacts in Time-of-Flight Sensors},
  year   = {2012},
}

@InProceedings{bib:Kolb1995,
  author    = {Craig Kolb and Don Mitchell and Pat Hanrahan},
  title     = {A realistic camera model for computer graphics},
  booktitle = {Proceedings of the 22nd annual conference on Computer graphics and interactive techniques - {SIGGRAPH} {\textquotesingle}95},
  year      = {1995},
  publisher = {{ACM} Press},
  doi       = {10.1145/218380.218463},
}

@Book{bib:Pharr2016,
  title         = {Physically Based Rendering},
  publisher     = {Elsevier LTD, Oxford},
  year          = {2016},
  author        = {Pharr, Matt and Humphreys, Greg and Jakob, Wenzel},
  isbn          = {0128006455},
  __markedentry = {[Artur:6]},
  date          = {2016-12-05},
  ean           = {9780128006450},
  pagetotal     = {1200},
}

@Article{bib:Steinert2011,
  author    = {B. Steinert and H. Dammertz and J. Hanika and H. P. A. Lensch},
  title     = {General Spectral Camera Lens Simulation},
  journal   = {Computer Graphics Forum},
  year      = {2011},
  volume    = {30},
  number    = {6},
  pages     = {1643--1654},
  month     = {mar},
  doi       = {10.1111/j.1467-8659.2011.01851.x},
  publisher = {Wiley},
}

@InProceedings{bib:Parker2010,
  author    = {Steven G. Parker and Austin Robison and Martin Stich and James Bigler and Andreas Dietrich and Heiko Friedrich and Jared Hoberock and David Luebke and David McAllister and Morgan McGuire and Keith Morley},
  title     = {OptiX: A General Purpose Ray Tracing Engine},
  booktitle = {{ACM} {SIGGRAPH} 2010 papers on - {SIGGRAPH}},
  year      = {2010},
  publisher = {{ACM} Press},
  doi       = {10.1145/1833349.1778803},
}

@Book{bib:Giancola2018,
  title     = {A Survey on 3D Cameras: Metrological Comparison of Time-of-Flight, Structured-Light and Active Stereoscopy Technologies},
  publisher = {Springer-Verlag GmbH},
  year      = {2018},
  author    = {Giancola, Silvio and Valenti, Matteo and Sala, Remo},
  date      = {2018-06-19},
  ean       = {9783319917610},
}

@Article{bib:Li2014,
  author  = {Larry Li},
  title   = {Time-of-flight camera - an introduction},
  journal = {Texas Instruments-Technical White Paper},
  year    = {2014},
}

@Article{bib:Creath88,
  author   = {Katherine Creath},
  title    = {V phase-measurement interferometry techniques.},
  journal  = {Progress in optics, 26},
  year     = {1988},
  keywords = {Phase Shifting Interferomerty, Mechanical Properties, Birefringence, PTFE Fibres},
}

@Article{bib:Wyant82,
  author  = {James C. Wyant},
  title   = {Interferometric optical metrology-basic principles and new systems},
  journal = {Laser Focus with Fiberoptic Technology},
  year    = {1982},
}

@TechReport{bib:Wynn2000,
  author      = {Chris Wynn},
  title       = {An Introduction to BRDF-Based Lighting},
  institution = {NVIDIA Corporation},
  year        = {2000},
}

@Article{bib:Gerhardt,
  author = {Nikolaus Gebhardt},
  title  = {Einige BRDF Modelle},
}

@Article{bib:Matusik2003,
  author  = {Wojciech Matusik and Hanspeter Pfister and Matt Brand and Leonard McMillan},
  title   = {A Data-Driven Reflectance Model},
  journal = {ACM Transactions on Graphics},
  year    = {2003},
  volume  = {22},
  number  = {3},
  pages   = {759-769},
  month   = jul,
}

@Book{bib:Lambert1760,
  title     = {Photometria Sive De Mensura Et Gradibus Luminis, Colorum Et Umbrae},
  publisher = {Eberhard Klett},
  year      = {1760},
  author    = {J. H. Lambert},
}

@Article{bib:OrenNayar1994,
  author  = {Michael Oren and Shree K. Nayar},
  title   = {Generalization of Lamberts Reflectance Model},
  journal = {SIGGRAPH},
  year    = {1994},
}

@Article{bib:TorranceSparrow1967,
  author  = {Kenneth E. Torrance and Ephraim M. Sparrow},
  title   = {Theory of off-specular reflection from roughened surfaces},
  journal = {Journal of the Optical Society of America},
  year    = {1967},
}

@InProceedings{bib:CookTorrance1981,
  author    = {Robert L. Cook and Kenneth E. Torrance},
  title     = {A Reflectance Model for Computer GraphicsA Reflectance Model for Computer Graphics},
  booktitle = {{ACM} {SIGGRAPH} 1981},
  year      = {1981},
}

@InProceedings{bib:Kajiya1986,
  author    = {James T. Kajiya},
  title     = {The rendering equation},
  booktitle = {Proceedings of the 13th annual conference on Computer graphics and interactive techniques (SIGGRAPH) 1986, ACM Press},
  year      = {1986},
}

@InProceedings{bib:Jensen96,
  author    = {Henrik Wann Jensen},
  title     = {Global Illumination using Photon Maps},
  booktitle = {Proceedings of the Seventh Eurographics Workshop on Rendering},
  year      = {1996},
}

@Article{bib:Lambers2015,
  author    = {Martin Lambers and Stefan Hoberg and Andreas Kolb},
  title     = {Simulation of Time-of-Flight Sensors for Evaluation of Chip Layout Variants},
  journal   = {{IEEE} Sensors Journal},
  year      = {2015},
  volume    = {15},
  number    = {7},
  pages     = {4019--4026},
  month     = {jul},
  doi       = {10.1109/jsen.2015.2409816},
  publisher = {Institute of Electrical and Electronics Engineers ({IEEE})},
}

@InProceedings{bib:Butkiewicz2014,
  author    = {Thomas Butkiewicz},
  title     = {Low-cost coastal mapping using Kinect v2 time-of-flight cameras},
  booktitle = {2014 Oceans - St. John's},
  year      = {2014},
  month     = {sep},
  publisher = {{IEEE}},
  doi       = {10.1109/oceans.2014.7003084},
}

@article{bib:Garrido-Jurado2015,
author = {S. Garrido-Jurado, Sergio and Muñoz-Salinas, Rafael and Madrid-Cuevas, Francisco and Medina-Carnicer, Rafael},
year = {2015},
month = {10},
pages = {},
title = {Generation of fiducial marker dictionaries using Mixed Integer Linear Programming},
volume = {51},
journal = {Pattern Recognition},
doi = {10.1016/j.patcog.2015.09.023}
}

@article{bib:Ramirez2018,
author = {Romero Ramirez, Francisco and Muñoz-Salinas, Rafael and Medina-Carnicer, Rafael},
year = {2018},
month = {06},
pages = {},
title = {Speeded Up Detection of Squared Fiducial Markers},
volume = {76},
journal = {Image and Vision Computing},
doi = {10.1016/j.imavis.2018.05.004}
}

@Article{bib:Munoz-Salinas2017,
  author  = {Rafael Muñoz-Salinas and Manuel J. Marin-Jimenez and Enrique Yeguas-Bolivar and R. Medina-Carnicer},
  title   = {Mapping and localization from planar markers},
  journal = {Pattern Recognition},
  year    = {2017},
  volume  = {73},
  pages   = {158-171},
  month   = jan,
  doi     = {10.13140/RG.2.2.31751.65440},
}

@InProceedings{bib:Teichman2013,
  author    = {Teichman, Alex and Miller, Stephen and Thrun, Sebastian},
  title     = {Unsupervised Intrinsic Calibration of Depth Sensors via SLAM},
  booktitle = {Robotics: Science and Systems 2013},
  year      = {2013},
  month     = {06},
  doi       = {10.15607/RSS.2013.IX.027},
}

@Article{bib:Jamtsho2010,
  author  = {Jamtsho, Sonam and Lichti, Derek},
  title   = {Modelling scattering distortion in 3D range camera},
  journal = {International Archives of Photogrammetry, Remote Sensing and Spatial Information Sciences},
  year    = {2010},
  volume  = {38},
  month   = jan,
}

@Article{bib:Mure-Dubois2009,
  author = {Christian Charles Mure-Dubois, James and Hügli, Heinz},
  title  = {TIME-OF-FLIGHT IMAGING OF INDOOR SCENES WITH SCATTERING COMPENSATION},
  year   = {2009},
  month  = jan,
}

@Article{bib:Mure-Dubois2007,
  author = {Christian Charles Mure-Dubois, James and Hügli, Heinz},
  title  = {Optimized scattering compensation for time-of-flight camera - art. no. 67620H},
  year   = {2007},
  month  = sep,
  doi    = {10.1117/12.733961},
}

@InCollection{bib:Wasenmueller2017,
  author    = {Oliver Wasenmüller and Didier Stricker},
  title     = {Comparison of Kinect V1 and V2 Depth Images in Terms of Accuracy and Precision},
  booktitle = {Computer Vision {\textendash} {ACCV} 2016 Workshops},
  publisher = {Springer International Publishing},
  year      = {2017},
  pages     = {34--45},
  doi       = {10.1007/978-3-319-54427-4_3},
}

@Book{bib:Padley2009,
  title  = {Waves and Optics},
  year   = {2009},
  author = {Paul Padley},
}

@Article{bib:Villena-Martinez2017,
  author    = {V{\'{\i}}ctor Villena-Mart{\'{\i}}nez and Andr{\'{e}}s Fuster-Guill{\'{o}} and Jorge Azor{\'{\i}}n-L{\'{o}}pez and Marcelo Saval-Calvo and Jeronimo Mora-Pascual and Jose Garcia-Rodriguez and Alberto Garcia-Garcia},
  title     = {A Quantitative Comparison of Calibration Methods for {RGB}-D Sensors Using Different Technologies},
  journal   = {Sensors},
  year      = {2017},
  volume    = {17},
  number    = {2},
  pages     = {243},
  month     = {jan},
  doi       = {10.3390/s17020243},
  publisher = {{MDPI} {AG}},
}

@article{bib:Claypool-Damaa2006,
	author = {Claypool, Mark and Claypool, Kajal and Damaa, Feissal},
	year = {2006},
	month = {01},
	pages = {},
	title = {The Effects of Frame Rate and Resolution on Users Playing First Person Shooter Games},
	volume = {6071},
	journal = {Proceedings of SPIE - The International Society for Optical Engineering},
	doi = {10.1117/12.648609}
}

@InCollection{bib:Nair2013,
  author    = {Rahul Nair and Stephan Meister and Martin Lambers and Michael Balda and Hannes Hofmann and Andreas Kolb and Daniel Kondermann and Bernd Jähne},
  title     = {Ground Truth for Evaluating Time of Flight Imaging},
  booktitle = {Lecture Notes in Computer Science},
  publisher = {Springer Berlin Heidelberg},
  year      = {2013},
  pages     = {52--74},
}

@InProceedings{bib:Su2018,
  author    = {Shuochen Su and Felix Heide and Gordon Wetzstein and Wolfgang Heidrich},
  title     = {Deep End-to-End Time-of-Flight Imaging},
  booktitle = {2018 {IEEE}/{CVF} Conference on Computer Vision and Pattern Recognition},
  year      = {2018},
  month     = {jun},
  publisher = {{IEEE}},
  doi       = {10.1109/cvpr.2018.00668},
}

@InCollection{bib:Freedman2014,
  author    = {Daniel Freedman and Yoni Smolin and Eyal Krupka and Ido Leichter and Mirko Schmidt},
  title     = {{SRA}: Fast Removal of General Multipath for {ToF} Sensors},
  booktitle = {Computer Vision {\textendash} {ECCV} 2014},
  publisher = {Springer International Publishing},
  year      = {2014},
  pages     = {234--249},
  doi       = {10.1007/978-3-319-10590-1_16},
}

@Comment{jabref-meta: databaseType:bibtex;}
